@book{apostilaCEII,
    author = "Antônio Carlos Moreirão de Queiroz",
    title = "Circuitos Elétricos, Métodos de Análise e Introdução à Síntese",
    year = "2018",
    publisher = "Auto-publicado",
    address = "Rio de Janeiro, Brasil"
}

@article{chaotic,
  title={A chaotic attractor from Chua's circuit},
  author={Matsumoto, Takashi},
  journal={IEEE Transactions on Circuits and Systems},
  volume={31},
  number={12},
  pages={1055--1058},
  year={1984},
  publisher={IEEE}
}
